
@article{schlenger_pooling_2020,
	title = {Pooling bei Coronatests: Eine Lösung mit Tücken},
	url = {https://www.aerzteblatt.de/archiv/215059/Pooling-bei-Coronatests-Eine-Loesung-mit-Tuecken},
	number = {33},
	journaltitle = {Deutsches Ärzteblatt},
	author = {Schlenger, Ralf},
	urldate = {2021-11-28},
	date = {2020-08-17},
}

@online{zerforschung_zerforschung_2022,
	title = {zerforschung präsentiert: schnelltesttest.de},
	url = {https://zerforschung.org/posts/schnelltesttest/},
	author = {zerforschung},
	urldate = {2022-02-10},
	date = {2022-01-20},
}


@book{bund_testverordnung_2021,
	title = {Coronavirus-Testverordnung},
	shorttitle = {Coronavirus-Testverordnung},
	abstract = {{TestV}},
	author = {Bundesjustizministerium},
	urldate = {2022-02-07},
	date = {2021-10-11},
}

@book{land_corona-verordnung_2022,
	title = {Corona-Verordnung Baden Württemberg},
	shorttitle = {Corona-Verordnung Baden Württemberg},
	abstract = {{CoronaVO}-{BW}},
	author = {\mbox{Landesjustizministerium Baden-Württemberg}},
	urldate = {2022-02-07},
	date = {2022-02-09},
}


@article{kendall_antigen-based_2021,
	title = {Antigen-based rapid diagnostic testing or alternatives for diagnosis of symptomatic {COVID}-19: A simulation-based net benefit analysis},
	url = {http://medrxiv.org/content/early/2021/04/03/2020.12.16.20248357.abstract},
	doi = {10.1101/2020.12.16.20248357},
	pages = {2020.12.16.20248357},
	journaltitle = {{medRxiv}},
	author = {Kendall, Emily A and Arinaminpathy, Nimalan and Sacks, Jilian A and Manabe, Yukari C and Dittrich, Sabine and Schumacher, Samuel G and Dowdy, David W},
	date = {2021-01-01},
}


@article{papenburg_adequacy_2022,
	title = {Adequacy of serial self-performed {SARS}-{CoV}-2 rapid antigen-detection testing for longitudinal mass screening in the workplace},
	url = {http://medrxiv.org/content/early/2022/02/13/2022.02.10.22270805.abstract},
	doi = {10.1101/2022.02.10.22270805},
	pages = {2022.02.10.22270805},
	journaltitle = {{medRxiv}},
	author = {Papenburg, Jesse and Campbell, Jonathon R. and Caya, Chelsea and Dion, Cynthia and Corsini, Rachel and Cheng, Matthew and Menzies, Dick and Yansouni, Cedric P},
	date = {2022-01-01},
}

@article{weishampel_orasure_2022,
	title = {{OraSure} {InteliSwab}$^{\textrm{®}}$ Rapid Antigen Test performance with the {SARS}-{CoV}-2 Variants of Concern Alpha, Beta, Gamma, Delta, and Omicron},
	url = {http://medrxiv.org/content/early/2022/02/04/2022.02.02.22270254.abstract},
	doi = {10.1101/2022.02.02.22270254},
	pages = {2022.02.02.22270254},
	journaltitle = {{medRxiv}},
	author = {Weishampel, Zachary A. and Young, Janean and Fischl, Mark and Fischer, Robert J. and Donkor, Irene Owusu and Riopelle, Jade C. and Schulz, Jonathan E. and Port, Julia R. and Saturday, Taylor A. and van Doremalen, Neeltje and Berry, Jody D. and Munster, Vincent J. and Yinda, Claude Kwe},
	date = {2022-01-01},
}

@article{muller_age-dependent_2021,
	title = {Age-dependent immune response to the Biontech/Pfizer {BNT}162b2 {COVID}-19 vaccination},
	url = {http://medrxiv.org/content/early/2021/03/05/2021.03.03.21251066.abstract},
	doi = {10.1101/2021.03.03.21251066},
	pages = {2021.03.03.21251066},
	journaltitle = {{medRxiv}},
	author = {Müller, Lisa and Andrée, Marcel and Moskorz, Wiebke and Drexler, Ingo and Walotka, Lara and Grothmann, Ramona and Ptok, Johannes and Hillebrandt, Jonas and Ritchie, Anastasia and Rabl, Denise and Ostermann, Philipp Niklas and Robitzsch, Rebekka and Hauka, Sandra and Walker, Andreas and Menne, Christopher and Grutza, Ralf and Timm, Jörg and Adams, Ortwin and Schaal, Heiner},
	date = {2021-01-01},
}

@article{wagenhauser_clinical_2021,
	title = {Clinical performance evaluation of {SARS}-{CoV}-2 rapid antigen testing in point of care usage in comparison to {RT}-{qPCR}},
	url = {10.1016/j.ebiom.2021.103455},
	doi = {10.1016/j.ebiom.2021.103455},
	journaltitle = {{EBioMedicine}},
	author = {Wagenhäuser, Isabell and Knies, Kerstin and Rauschenberger, Vera and Eisenmann, Michael and McDonogh, Miriam and Petri, Nils and Andres, Oliver and Flemming, Sven and Gawlik, Micha and Papsdorf, Michael and Taurines, Regina and Böhm, Hartmut and Forster, Johannes and Weismann, Dirk and Weißbrich, Benedikt and Dölken, Lars and Liese, Johannes and Kurzai, Oliver and Vogel, Ulrich and Krone, Manuel},
	editor = {{Elsevier}},
	date = {2021-07-01},
}

@book{clewley_polymerase_1995,
	location = {Boca Raton [u.a.]},
	title = {The polymerase chain reaction ({PCR}) for human viral diagnosis},
	isbn = {978-0-8493-4833-4},
	pagetotal = {224  Seiten},
	publisher = {{CRC} Press},
	author = {Clewley, Jonathan P.},
	editorb = {Clewley, Jonathan P. [Herausgeber/in]},
	editorbtype = {redactor},
	date = {1995},
	keywords = {Diagnose, Diagnosis, Diagnostic use, Genetic aspects, Humans, isolation \& purification, Polymerase chain reaction, Polymerase-Kettenreaktion, Viral diseases, Virus diseases, Viruses, Virusinfektion},
}

@book{wink_pcr_1994,
	location = {Darmstadt},
	title = {{PCR} (Polymerase Kettenreaktion) im medizinischen und biologischen Labor : Handbuch für den Praktiker},
	isbn = {3-928865-13-7},
	url = {https://www.gbv.de/dms/ohb-opac/156377519.pdf},
	pagetotal = {295 Seiten},
	publisher = {{GIT}-Verl.},
	author = {Weber, Renate and Wehrle, Herbert},
	editorb = {Wink, Michael [Herausgeber/in] and Wehrle, Herbert},
	editorbtype = {redactor},
	date = {1994},
	keywords = {Polymerase-Kettenreaktion},
}

@article{verwilt_evaluation_2021,
	title = {Evaluation of efficiency and sensitivity of 1D and 2D sample pooling strategies for {SARS}-{CoV}-2 {RT}-{qPCR} screening purposes ({PrePrint})},
	url = {https://www.medrxiv.org/content/10.1101/2020.07.17.20152702v4},
	doi = {10.1101/2020.07.17.20152702},
	abstract = {Erarbeitung und Simulation unterschiedlicher Pooling-Verfahren. (1D, 2D)
	Vier Artikelversionen und Analyse der Auswirkung auf Sensitivität.},
	number = {4},
	journaltitle = {{medRxiv} - The {PrePrint} Server for Health Sciences},
	author = {Verwilt, Jasper and Hellemans, Jan and Sante, Tom and Mestdagh, Pieter and Vandesompele, Jo},
	date = {2021-09-10},
}

@article{calabrese_how_2021,
	title = {How optimal allocation of limited testing capacity changes epidemic dynamics ({PrePrint})},
	url = {https://www.medrxiv.org/content/10.1101/2020.12.21.20248431v2},
	doi = {10.1101/2020.12.21.20248431},
	abstract = {Sollten {PCR}-Tests klinisch oder dezentral durchgeführt werden?
	Inzidenz für break-even},
	number = {2},
	journaltitle = {{medRxiv} - The {PrePrint} Server for Health Sciences},
	author = {Calabrese, Justin and Demers, Jeffrey},
	date = {2021-09-08},
}

@article{viehweger_increased_2020,
	title = {Increased {PCR} screening capacity using a multi-replicate pooling scheme ({PrePrint})},
	url = {https://www.medrxiv.org/content/10.1101/2020.04.16.20067603v2},
	doi = {10.1101/2020.04.16.20067603},
	number = {2},
	journaltitle = {{medRxiv} - The {PrePrint} Server for Health Sciences},
	author = {Viehweger, Adrian and Kühnl, F and Brandt, C and König, B and Rodloff, A},
	date = {2020-07-10},
}

@report{noauthor_rki-bericht_2021,
	location = {Berlin},
	title = {{RKI}-Bericht zu Testzahlen},
	url = {https://www.rki.de/DE/Content/InfAZ/N/Neuartiges_Coronavirus/Daten/Testzahlen-gesamt.html},
	institution = {Robert Koch-Institut},
	author={\mbox{Robert Koch-Institut}},
	date = {2021-11-25},
}

@article{schmidt_novel_2020,
	title = {Novel multiple swab method enables high efficiency in {SARS}-{CoV}-2 screenings without loss of sensitivity for screening of a complete population},
	volume = {60},
	url = {https://onlinelibrary.wiley.com/doi/abs/10.1111/trf.15973},
	doi = {10.1111/trf.15973},
	abstract = {Abstract Background In the pandemic, testing for severe acute respiratory syndrome coronavirus 2 ({SARS}-{CoV}-2) by real-time polymerase chain reaction is one of the pillars on which countermeasures are based. Factors limiting the output of laboratories interfere with the effectiveness of public health measures. Conserving reagents by pooling samples in low-probability settings is proposed but may cause dilution and loss of sensitivity. Blood transfusion services had experience in performance of high throughput nucleic acid testing ({NAT}) analysis and can support the national health system by screening of the inhabitants for {SARS}-{COV}-2. Methods We evaluated a new approach of a multiple-swab method by simultaneously incubating multiple respiratory swabs in a single tube. Analytical sensitivity was constant up to a total number of 50 swabs. It was consequently applied in the testing of 50 symptomatic patients (5-sample pools) as well as 100 asymptomatic residents of a nursing home (10-sample pools). Results The novel method did not cause false-negative results with nonsignificantly differing cycle threshold values between single-swab and multiple-swab {NAT}. In two routine applications, all minipools containing positive patient samples were correctly identified. Conclusions The new method enables countries to increase the total number of testing significantly. The multiple-swab method is able to screen system relevant groups of employees frequently. The example in Germany shows that blood transfusion services can support general health systems with their experience in {NAT} and their high-throughput instruments. Screening of a huge number of inhabitants is currently the only option to prevent a second infection wave and enable exit strategies in many countries.},
	pages = {2441--2447},
	number = {10},
	journaltitle = {Transfusion},
	author = {Schmidt, Michael and Hoehl, Sebastian and Berger, Annemarie and Zeichhardt, Heinz and Hourfar, Kai and Ciesek, Sandra and Seifried, Erhard},
	date = {2020},
}

@book{gordis_epidemiologie_2001,
	location = {Marburg},
	edition = {Dt. Erstausg.},
	title = {Epidemiologie},
	isbn = {978-3-932091-63-6},
	pagetotal = {X, 365  Seiten},
	publisher = {Kilian},
	author = {Gordis, Leon},
	date = {2001},
	keywords = {Epidemiologie, Epidemiology},
}