@book{ME12,
author = {Musterfrau, Erika and Exempelmann, Max},
edition = {5},
address = {Wiesbaden},
publisher = {Wissenschaftstestverlag},
title = {{Zitationen am Beispiel}},
year = {2012}
}

@article{TD15,
	author = {Testmann, Heribert and Demofrau, Marita and Checker, Eva},
	title = {Das Testen von Artikeln},
	journal = {Int. Journal of Testing},
	year=2015,
	series = {Lecture Notes},
	volume = 5,
	number = 2,
	issue = 42,
	pages = {111--222},
	publisher = {Elsedrei}
}


@article{AD:95,
author = {N. Andruskiewitsch and J. Devoto},
title = {Extensions of {H}opf algebras},
year = 1996,
journal = {St.~Petersburg Math.~J.},
volume = 7,
pages = {17-52},
number = 1 }

@online{TestOnlineQuelle,
	author = {Borchers, Detlef},
	title = {Elektronische Unterschrift: Bundesregierung reformiert Schriftformerfordernis},
	date = {2015-01-02},
	url = {http://m.heise.de/newsticker/meldung/Elektronische-Unterschrift-Bundesregierung-reformiert-Schriftformerfordernis-3259140.html},
	urldate = {2016-01-01}
}

@book{AA,
	author = {NN},
	title = {M\"ogliche Stile: Numerisch, Alphabetisch, Harvard, Autor-Jahr}
}

@misc{DIN69901-1,
	title = {{DIN 69901-2}},
	date = {2010},
	subtitle = {Prozesse, Prozessmodell},
	organization = {{Deutsches Institut f√ºr Normung}}
}

@webpage{dhbw-vertraulichkeit,
        author = {{DHBW Mannheim}},
        date-added = {2021-03-06 10:00:39 +0100},
        date-modified = {2021-03-06 10:08:45 +0100},
        month = {9},
        title = {Vertraulichkeit von studientischen Arbeiten},
        url = {https://www.dhbw.de/fileadmin/user_upload/Dokumente/Broschueren_Handbuch_Betriebe/Infoblatt_Vertraulichkeit.pdf},
        year = {2015}}

@webpage{l2kurz,
        author = {Daniel, Marcus and Gundlach, Patrick and Schmidt, Walter and Knappen, J{\"o}rg and Partl, Hubert and Hyna, Irene},
        date-added = {2021-03-06 09:23:49 +0100},
        date-modified = {2021-03-06 10:10:06 +0100},
        month = {4},
        title = {{\LaTeXe}-Kurzbeschreibung},
        url = {http://vesta.informatik.rwth-aachen.de/ftp/pub/mirror/ctan/info/lshort/german/l2kurz.pdf},
        urldate = {6.3.2021},
        year = {2018}}

@book{texbook,
        author = {Knuth, Donald Ervin and Bibby, Duane},
        date-added = {2021-03-06 06:34:05 +0100},
        date-modified = {2021-03-06 06:35:56 +0100},
        publisher = {Addison-Wesley Reading},
        title = {The {\TeX}book},
        volume = {15},
        year = {1984}}

@electronic{lyx,
        date-added = {2021-03-06 06:00:41 +0100},
        date-modified = {2021-03-06 06:05:19 +0100},
        lastchecked = {6.3.2021},
        title = {LyX -- The Document Processor},
        url = {https://www.lyx.org/},
        year = {2021}}
